@book{bookc:bosch08,
  author    = {Siegfried Bosch},
  title     = {Lineare Algebra},
  publisher = {Springer},
  year      = {2008},
  edition   = {Vierte Auflage}
}

@booklet{lecnotes:gub:alg2,
  author  = {Walter Gubler},
  title   = {Algebra~II},
  url	  = {http://is.gd/gubler_algebra2_pdf},
  note    = {Vorlesungsmitschrift aus dem Sommersemester 2010 an der Universität Tübingen}
}

@booklet{lecnotes:jan:la2,
  author  = {Uwe Jannsen},
  title   = {Lineare Algebra~II},
  url	  = {http://is.gd/jannsen_linalg2_pdf},
  note    = {Vorlesungsskript aus dem Wintersemester 2011/12 an der Universität Regensburg}
}

@booklet{talk:stad,
  author  = {Stefan Stadlöder},
  title   = {Freie Moduln},
  year    = {2012},
  note	  = {Vortrag~3}
}

@booklet{talk:rei,
  author  = {Ramona Reichardt},
  title   = {Lineare Abbildungen und Matrizen von \,$R$-Rechtsmoduln},
  year    = {2012},
  note	  = {Vortrag~6}
}

@booklet{talk:ruemp,
  author  = {Oliver Rümpelein},
  title   = {Basiswechsel über freien $R$-Rechtsmoduln von endlichem Rang},
  year    = {2012},
  note	  = {Vortrag~8}
}

@booklet{talk:loh,
  author  = {Johannes Loher},
  title   = {Eigenschaften von Determinanten auf freien Moduln von endlichem Rang über einem kommutativen Ring},
  year    = {2012},
  note	  = {Vortrag~10}
}

@booklet{talk:rief,
  author  = {Christoph Rief},
  title   = {Hauptidealringe},
  year    = {2012},
  note	  = {Vortrag~12}
}

